<?xml version="1.0" encoding="UTF-8"?><collection xmlns="http://www.loc.gov/MARC21/slim"><record><leader>00374nam--2200133-i-4500</leader><controlfield tag="001">000017528</controlfield><controlfield tag="002">20161230</controlfield><controlfield tag="005">20161230201032</controlfield><controlfield tag="008">060222s1000------------r-----000-0-eng-d</controlfield><datafield ind1=" " ind2=" " tag="245"><subfield code="a">Information retrieval and machine translation</subfield></datafield><datafield ind1=" " ind2=" " tag="260"><subfield code="a">New York, Interscienca, 1957, 1960</subfield></datafield><datafield ind1=" " ind2=" " tag="490"><subfield code="a">Advances In Documentation And Library Science</subfield></datafield><datafield ind1=" " ind2=" " tag="700"><subfield code="a">Kent, Allen</subfield></datafield><datafield ind1=" " ind2=" " tag="852"><subfield code="a">13438</subfield></datafield></record></collection>